
@article{stohl_computation_1998,
	title = {Computation, accuracy and applications of trajectories---a review and bibliography},
	volume = {32},
	url = {http://www.sciencedirect.com/science/article/pii/S1352231097004573},
	abstract = {To the authors knowledge, there exists no recent review paper on the computation and use of trajectories. To fill this gap, this study summarizes the current knowledge on the calculation and application of trajectories. The different techniques that can be used to compute trajectories are presented and their error sources are described. The assumptions often made to account for the vertical wind velocity are explained. Most studies agree now that fully three-dimensional trajectories are the most accurate trajectory type. Methods to assess trajectory errors are outlined and a summary of the errors presented in the literature is given. Errors of 20\% of the distance travelled seem to be typical for trajectories computed from analyzed wind fields. Finally, some important applications of trajectories, namely Lagrangian particle dispersion models, Lagrangian chemical box models and trajectory statistics, are discussed.},
	language = {en},
	number = {6},
	urldate = {2017-06-05},
	journal = {Atmospheric Environment},
	author = {Stohl, A.},
	year = {1998},
	pages = {947--966},
	file = {Stohl 1998.pdf:/Users/aschneid/Library/Application Support/Zotero/Profiles/b3df334u.default/zotero/storage/KZCXWF6W/Stohl 1998.pdf:application/pdf}
}

@article{bowman_input_2013,
	title = {Input data requirements for {Lagrangian} trajectory models},
	volume = {94},
	number = {7},
	journal = {Bulletin of the American Meteorological Society},
	author = {Bowman, K. and Lin, J. C. and Stohl, A. and Draxler, R. and Konopka, P.},
	year = {2013},
	pages = {1051--1058},
	file = {Bowman 2013.pdf:/Users/aschneid/Library/Application Support/Zotero/Profiles/b3df334u.default/zotero/storage/E87DHZXR/Bowman 2013.pdf:application/pdf}
}

@book{petterssen_weather_1940,
	address = {New York},
	title = {Weather {Analysis} and {Forecasting}},
	publisher = {McGraw-Hill Book Company},
	author = {Petterssen, S.},
	year = {1940}
}

@techreport{draxler_description_1997,
	address = {Silver Spring, MD},
	title = {Description of the {HYSPLIT}\_4 modeling system},
	institution = {NOAA Air Resources Laboratory},
	author = {Draxler, R. R. and Hess, G. D.},
	year = {1997},
	pages = {24},
	file = {Draxler 1997.pdf:/Users/aschneid/Library/Application Support/Zotero/Profiles/b3df334u.default/zotero/storage/X3SP72BN/Draxler 1997.pdf:application/pdf}
}

@article{draxler_overview_1998,
	title = {An overview of the {HYSPLIT}\_4 modeling system of trajectories, dispersion, and deposition.},
	volume = {47},
	journal = {Australian Meteorological Magazine},
	author = {Draxler, R. R. and Hess, G. D.},
	year = {1998},
	pages = {295--308}
}

@techreport{draxler_hysplit4_1999,
	address = {Silver Spring, MD},
	title = {{HYSPLIT}4 user's guide.},
	institution = {NOAA Air Resources Laboratory},
	author = {Draxler, R. R.},
	year = {1999}
}

@article{stein_noaas_2015,
	title = {{NOAA}'s {HYSPLIT} {Atmospheric} {Transport} and {Dispersion} {Modeling} {System}},
	volume = {96},
	journal = {Bulletin of the American Meteorological Society},
	author = {Stein, A. F. and Draxler, R. R. and Rolph, G. D. and Stunder, B. J. B. and Cohen, M. D. and Ngan, F.},
	year = {2015},
	pages = {2059--2077},
	file = {Stein 2015.pdf:/Users/aschneid/Library/Application Support/Zotero/Profiles/b3df334u.default/zotero/storage/3DG77FW9/Stein 2015.pdf:application/pdf}
}

@article{sinnott_virtues_1984,
	title = {Virtues of the {Haversine}},
	volume = {68},
	number = {2},
	journal = {Sky \& Telescope},
	author = {Sinnott, R. W.},
	year = {1984},
	pages = {159},
	file = {Sinnott 1984.pdf:/Users/aschneid/Library/Application Support/Zotero/Profiles/b3df334u.default/zotero/storage/CTBZUSMB/Sinnott 1984.pdf:application/pdf}
}

@book{marshall_atmosphere_2008,
	series = {International {Geophysics} {Series}},
	title = {Atmosphere, {Ocean}, and {Climate} {Dynamics}: {An} {Introductory} {Text}},
	volume = {93},
	isbn = {13: 978-0-12-558691-7},
	publisher = {Elsevier Academic Press},
	author = {Marshall, J. and Plumb, R. A.},
	year = {2008}
}

@article{kahl_intercomparison_1989,
	title = {Intercomparison of three long-range trajectory models applied to {Arctic} haze},
	volume = {41B},
	journal = {Tellus},
	author = {Kahl, J. D. and Harris, J. M. and Herbert, G. A.},
	year = {1989},
	pages = {524--536},
	file = {Kahl 1989.pdf:/Users/aschneid/Library/Application Support/Zotero/Profiles/b3df334u.default/zotero/storage/AZXWR946/Kahl 1989.pdf:application/pdf}
}

@article{rolph_sensitivity_1990,
	title = {Sensitivity of {Three}-{Dimensional} {Trajectories} to the {Spatial} and {Temporal} {Densities} of the {Wind} {Field}},
	volume = {29},
	journal = {Journal of Applied Meteorology},
	author = {Rolph, G. D. and Draxler, R. R.},
	year = {1990},
	pages = {1043--1054},
	file = {Rolph and Draxler 1990.pdf:/Users/aschneid/Library/Application Support/Zotero/Profiles/b3df334u.default/zotero/storage/H4EXZ224/Rolph and Draxler 1990.pdf:application/pdf}
}

@article{kuo_accuracy_1985,
	title = {The {Accuracy} of {Trajectory} {Models} as {Revealed} by the {Observing} {System} {Simulation} {Experiments}},
	volume = {113},
	journal = {Monthly Weather Review},
	author = {Kuo, Y. and Skumanich, M. and Haagenson, P. L. and Chang, J. S.},
	year = {1985},
	pages = {1852--1867},
	file = {Kuo 1985.pdf:/Users/aschneid/Library/Application Support/Zotero/Profiles/b3df334u.default/zotero/storage/T95N2I97/Kuo 1985.pdf:application/pdf}
}

@article{rolph_real-time_2017,
	title = {Real-time {Environmental} {Applications} and {Display} {sYstem}: {READY}.},
	volume = {95},
	journal = {Environmental Modelling \& Software},
	author = {Rolph, G. D. and Stein, A. F. and Stunder, B. J. B.},
	year = {2017},
	pages = {210--228},
	file = {Rolph 2017.pdf:/Users/aschneid/Library/Application Support/Zotero/Profiles/b3df334u.default/zotero/storage/IBSXIS2H/Rolph 2017.pdf:application/pdf}
}

@techreport{noaa_global_2004,
	address = {Silver Spring, MD},
	title = {Global {Data} {Assimilation} {System} ({GDAS}1) {Archive} {Information}},
	institution = {NOAA-Air Resources Laboratory},
	author = {NOAA},
	year = {2004}
}